@article{nielsen1998turn,
author = {Nielsen, Otto Anker and Frederiksen, Rasmus Dyhr and Simonsen, Nikolaj},
doi = {DOI: 10.1016/S0969-6016(98)00043-4},
file = {:Users/alehmann/Documents/Documents/Artikler/[03] Nielsen Frederiksen Simonsen 1998.pdf:pdf},
issn = {0969-6016},
journal = {International Transactions in Operational Research},
keywords = {Intersections,Monte Carlo simulation,SUE,Traffic assignment,Traffic models,Traffic networks,Turns},
number = {6},
pages = {555--568},
title = {{Stochastic user equilibrium traffic assignment with turn-delays in intersections}},
url = {http://www.sciencedirect.com.ezproxy.library.wisc.edu/science/article/B6VGM-3VKBHD9-D/2/14981fdfb464976fdd534feb1392a105},
volume = {5},
year = {1998}
}
