@inproceedings{rick1999deriving,
  title={Deriving the haversine formula},
  author={Rick, Doctor},
  booktitle={The Math Forum, April},
  year={1999}
}
